
@ARTICLE{Klop93combinatoryreduction,
    author = {Jan Willem Klop and Vincent van Oostrom and Femke van Raamsdonk},
    title = {Combinatory Reduction Systems: introduction and survey},
    journal = {THEORETICAL COMPUTER SCIENCE},
    year = {1993},
    volume = {121},
    pages = {279--308}
}


@article{DBLP:journals/fuin/DoroshenkoS06,
  author    = {Anatoly E. Doroshenko and
               Ruslan Shevchenko},
  title     = {TermWare: A Rewriting Framework for Rule-Based Programming Dynamic Applications},
  journal   = {Fundam. Inform.},
  volume    = {72},
  number    = {1-3},
  pages     = {95--108},
  year      = {2006},
  url       = {http://content.iospress.com/articles/fundamenta-informaticae/fi72-1-3-08},
  timestamp = {Mon, 18 May 2015 17:23:19 +0200},
  biburl    = {http://dblp.uni-trier.de/rec/bib/journals/fuin/DoroshenkoS06},
  bibsource = {dblp computer science bibliography, http://dblp.org}
}

@INPROCEEDINGS{Jay05purepattern,
    author = {C. Barry Jay and Delia Kesner},
    title = {Pure Pattern Calculus},
    booktitle = {ACM Trans. Program. Lang. Syst},
    year = {2005},
    pages = {262--274},
    url       = {http://www.pps.univ-paris-diderot.fr/~kesner/papers/revisedpurepattern.pdf}
}

@INPROCEEDINGS{RhoCal-Wrla2002,
  author = {Cirstea,~Horatiu and Kirchner,~Claude and Liquori,~Luigi},
  title = {Rewriting Calculus with(out) Types},
  booktitle = {Proceedings of the fourth workshop on rewriting logic 
		     and applications},
  year = {2002},
  editor = {Gadducci, Fabio and Montanari, Ugo},
  publisher = {Electronic Notes in Theoretical Computer Science},
  address = {Pisa (Italy)},
  month = SEP,
}

@article{BravenboerKVV08,
  title = {{Stratego/XT 0.17}. {A} language and toolset for program transformation},
  author = {Martin  Bravenboer and Karl Trygve Kalleberg and Rob Vermaas and Eelco Visser},
  year = {2008},
  doi = {http://dx.doi.org/10.1016/j.scico.2007.11.003},
  tags = {control systems, programming languages, object-oriented programming, concrete object syntax, reusable components, rule-based, completeness, meta programming, pattern language, graph transformation, Stratego/XT, transformation language, reuse, graph-rewriting, rules, transformation system, DSL, programming, subject-oriented programming, context-aware, abstraction, Meta-Environment, rewriting, rewriting strategies, feature-oriented programming, concrete syntax, meta-objects, transformation, Stratego, program transformation},
  researchr = {http://researchr.org/publication/BravenboerKVV08},
  cites = {0},
  citedby = {7},
  journal = {Science of Computer Programming},
  volume = {72},
  number = {1-2},
  pages = {52-70},
}

@inproceedings{Pfenning:1988:HAS:53990.54010,
 author = {Pfenning, F. and Elliott, C.},
 title = {Higher-order Abstract Syntax},
 booktitle = {Proceedings of the ACM SIGPLAN 1988 Conference on Programming Language Design and Implementation},
 series = {PLDI '88},
 year = {1988},
 isbn = {0-89791-269-1},
 location = {Atlanta, Georgia, USA},
 pages = {199--208},
 numpages = {10},
 url = {http://doi.acm.org/10.1145/53990.54010},
 doi = {10.1145/53990.54010},
 acmid = {54010},
 publisher = {ACM},
 address = {New York, NY, USA},
} 

